<?xml version="1.0" encoding="UTF-8"?>
<record xmlns="http://www.loc.gov/MARC21/slim" xmlns:zs="http://docs.oasis-open.org/ns/search-ws/sruResponse">
 <leader>
  05262cjcaa22004817i 4500
 </leader>
 <controlfield tag="001">
  20111388
 </controlfield>
 <controlfield tag="005">
  20240830140037.0
 </controlfield>
 <controlfield tag="007">
  sd |mmennii||b
 </controlfield>
 <controlfield tag="008">
  171030i1941194uorusg               eng
 </controlfield>
 <datafield ind1=" " ind2=" " tag="906">
  <subfield code="a">
   7
  </subfield>
  <subfield code="b">
   cbc
  </subfield>
  <subfield code="c">
   orignew
  </subfield>
  <subfield code="d">
   u
  </subfield>
  <subfield code="e">
   ncip
  </subfield>
  <subfield code="f">
   20
  </subfield>
  <subfield code="g">
   y-folklife
  </subfield>
 </datafield>
 <datafield ind1=" " ind2=" " tag="955">
  <subfield code="b">
   hh15 2017-10-30, on order for AFC
  </subfield>
  <subfield code="a">
   mkru 2018-01-31 discs rec'd at AFC
  </subfield>
  <subfield code="a">
   mkru 2018-02-08
  </subfield>
  <subfield code="a">
   mseg 2018-07-01
  </subfield>
  <subfield code="a">
   mkru 2018-07-02
  </subfield>
  <subfield code="a">
   mkru 2018-07-10
  </subfield>
  <subfield code="a">
   mseg 2018-07-25
  </subfield>
  <subfield code="a">
   masmit 2024-08-30
  </subfield>
 </datafield>
 <datafield ind1=" " ind2=" " tag="010">
  <subfield code="a">
   2018655208
  </subfield>
 </datafield>
 <datafield ind1=" " ind2=" " tag="040">
  <subfield code="a">
   DLC
  </subfield>
  <subfield code="b">
   eng
  </subfield>
  <subfield code="e">
   dacs
  </subfield>
  <subfield code="c">
   DLC
  </subfield>
  <subfield code="d">
   DLC
  </subfield>
 </datafield>
 <datafield ind1=" " ind2=" " tag="090">
  <subfield code="a">
   MAVIS no. 2456813-2456823
  </subfield>
 </datafield>
 <datafield ind1=" " ind2=" " tag="090">
  <subfield code="a">
   IDB 51722-51732
  </subfield>
 </datafield>
 <datafield ind1=" " ind2=" " tag="090">
  <subfield code="a">
   AFC 2018/003
  </subfield>
 </datafield>
 <datafield ind1="1" ind2=" " tag="100">
  <subfield code="a">
   Guthrie, Woody,
  </subfield>
  <subfield code="d">
   1912-1967,
  </subfield>
  <subfield code="e">
   composer,
  </subfield>
  <subfield code="e">
   performer.
  </subfield>
 </datafield>
 <datafield ind1="1" ind2="0" tag="245">
  <subfield code="a">
   Woody Guthrie Bonneville Power Administration (BPA) recordings.
  </subfield>
 </datafield>
 <datafield ind1=" " ind2="0" tag="264">
  <subfield code="a">
   [Portland, OR :
  </subfield>
  <subfield code="b">
   Bonneville Power Administration,
  </subfield>
  <subfield code="c">
   1941].
  </subfield>
 </datafield>
 <datafield ind1=" " ind2=" " tag="300">
  <subfield code="a">
   11 sound discs (lacquer on aluminum) :
  </subfield>
  <subfield code="b">
   analog, various speeds, 74 to 80 rpm; 33 1/3 rpm ;
  </subfield>
  <subfield code="c">
   12 in.
  </subfield>
 </datafield>
 <datafield ind1=" " ind2=" " tag="336">
  <subfield code="a">
   performed music
  </subfield>
  <subfield code="b">
   prm
  </subfield>
  <subfield code="2">
   rdacontent
  </subfield>
 </datafield>
 <datafield ind1=" " ind2=" " tag="337">
  <subfield code="a">
   audio
  </subfield>
  <subfield code="b">
   s
  </subfield>
  <subfield code="2">
   rdamedia
  </subfield>
 </datafield>
 <datafield ind1=" " ind2=" " tag="338">
  <subfield code="a">
   audio disc
  </subfield>
  <subfield code="b">
   sd
  </subfield>
  <subfield code="2">
   rdacarrier
  </subfield>
 </datafield>
 <datafield ind1="0" ind2=" " tag="511">
  <subfield code="a">
   Woody Guthrie, vocals, guitar, harmonica.
  </subfield>
 </datafield>
 <datafield ind1=" " ind2=" " tag="520">
  <subfield code="a">
   Woody Guthrie songs, performed by Guthrie with guitar and harmonica on a collection of 11 lacquer discs. Twenty-six new songs were written by Guthrie on a one-month contract for the Bonneville Power Administration (BPA) in May 1941, and were recorded during 1941 or later in Portland, Oregon. These are likely the originals or near copies of the 1941 studio recordings Guthrie made at the BPA Headquarters in Portland, Oregon. Some are first-generation discs, others are second-generation or other copies; songs include alternate takes and outtakes. Three of Guthrie's songs were included in the 1948 film "The Columbia."
  </subfield>
 </datafield>
 <datafield ind1="0" ind2=" " tag="505">
  <subfield code="a">
   AFC 2018/003 SR01 Side A "Ballad of the Grand Coulee Dam" [Grand Coulee Dam] (2456813-2-1) ; Side B "Roll on Columbia, Roll on" [Roll On Columbia] (2456813-2-2) -- AFC 2018/003 SR02 Side A "Columbia Talking Blues" [Talkin' Columbia] (2456814-2-1) ; Side B "Song of the Grand Coulee Dam" (2456814-2-2) -- AFC 2018/003 SR03 Side A "Jackhammer Blues" (2456815-2-1) ; Side B blank -- AFC 2018/003 SR04 Side A "Pastures of Plenty" (2456816-2-1) ; Side B "Roll Columbia, Won't You Roll" [Roll Columbia, Roll] (2456816-2-2) -- AFC 2018/003 SR05 Side A "Columbia Talking Blues" [Talking Columbia] (2456817-2-1) ; Side B "Good morning Mr. Captain" [Columbia's Waters] (2456817-2-2) -- AFC 2018/003 SR06 Side A "Jackhammer Blues" (2456818-2-1) ; Side B "Way Up In That Northwest" [Song of the Grand Coulee Dam] (2456818-2-2) -- AFC 2018/003 SR07 Side A "Pastures of Plenty" (2456819-2-1) ; Side B "Grand Coulee Dam" [outtake] (2456819-2-2) -- AFC 2018/003 SR08 Side A "Roll, Columbia, Won't You Roll" [Roll Columbia, Roll] (2456820-2-1) ; Side B "Roll On, Columbia, Roll On" [Roll On, Columbia] (2456820-2-2) -- AFC 2018/003 SR09 Side A "Grand Coulee Dam" (2456821-2-1) 80 RPM ; Side B 1. "The World Has Several Wonders" [Grand Coulee Dam outtake] (2456821-2-2) 80 RPM ; 2. unknown narration #1 (2456821-2-2) 33.33 RPM ; 3. unknown narration #2 (2456821-2-2) 33.33 RPM ; 4. unknown narration #3 (2456821-2-2) 33.33 RPM ; [Each narration cut is a different voice, none of them Woody Guthrie, all reading from the same script. Possibly related to the film for which the Guthrie songs were written - engineer's notes] -- AFC 2018/003 SR10 Side A "The Biggest Thing Man Has Ever Done" (2456822-2-1) ; Side B "Roll On Columbia (2456822-2-2) -- AFC 2018/003 SR11 Side A "Pastures of Plenty" (2456823-2-1) ; Side B "Roll Columbia, Roll" (2456823-2-2).
  </subfield>
 </datafield>
 <datafield ind1=" " ind2=" " tag="524">
  <subfield code="a">
   Woody Guthrie Bonneville Power Administration (BPA) recordings (AFC 2018/003), American Folklife Center, Library of Congress, Washington, D.C.
  </subfield>
 </datafield>
 <datafield ind1=" " ind2=" " tag="500">
  <subfield code="a">
   Contents note song titles in quotation marks are from typewritten disc labels; alternate titles in square brackets for comparison to previously released recordings are from the 1987 Rounder CD, "Columbia River Collection" (CD-1036).  Notes on comparison of these recordings to earlier releases are by Robert Cristarella, recording engineer; associated numbers in parentheses are MAVIS system numbers.
  </subfield>
 </datafield>
 <datafield ind1="1" ind2=" " tag="506">
  <subfield code="a">
   Collection is open for research. Access to original recordings may be restricted. To request materials, please contact the Folklife Reading Room at
  </subfield>
  <subfield code="u">
   https://hdl.loc.gov/loc.afc/folklife.contact
  </subfield>
 </datafield>
 <datafield ind1=" " ind2=" " tag="540">
  <subfield code="a">
   Duplication of sound recordings may be governed by copyright and other restrictions.
  </subfield>
 </datafield>
 <datafield ind1=" " ind2=" " tag="541">
  <subfield code="a">
   Purchase,
  </subfield>
  <subfield code="d">
   2018.
  </subfield>
 </datafield>
 <datafield ind1=" " ind2=" " tag="530">
  <subfield code="a">
   Preservation digitization complete, 2018.
  </subfield>
 </datafield>
 <datafield ind1="0" ind2=" " tag="555">
  <subfield code="a">
   Finding aid with additional details is available online
  </subfield>
  <subfield code="u">
   https://hdl.loc.gov/loc.afc/eadafc.af018006
  </subfield>
 </datafield>
 <datafield ind1=" " ind2="0" tag="650">
  <subfield code="a">
   Topical songs.
  </subfield>
 </datafield>
 <datafield ind1=" " ind2="0" tag="651">
  <subfield code="a">
   Columbia River
  </subfield>
  <subfield code="v">
   Songs and music.
  </subfield>
 </datafield>
 <datafield ind1=" " ind2="0" tag="651">
  <subfield code="a">
   Grand Coulee Dam (Wash.)
  </subfield>
  <subfield code="v">
   Songs and music.
  </subfield>
 </datafield>
 <datafield ind1=" " ind2="7" tag="655">
  <subfield code="a">
   Songs.
  </subfield>
  <subfield code="2">
   lcgft
  </subfield>
 </datafield>
 <datafield ind1="1" ind2=" " tag="710">
  <subfield code="a">
   United States.
  </subfield>
  <subfield code="b">
   Bonneville Power Administration,
  </subfield>
  <subfield code="e">
   sponsor.
  </subfield>
 </datafield>
 <datafield ind1=" " ind2=" " tag="852">
  <subfield code="a">
   Library of Congress
  </subfield>
  <subfield code="b">
   American Folklife Center,
  </subfield>
  <subfield code="e">
   101 Independence Ave. S.E., Washington, DC USA 20540-4610
  </subfield>
  <subfield code="u">
   https://hdl.loc.gov/loc.afc/folklife.home
  </subfield>
 </datafield>
 <datafield ind1=" " ind2=" " tag="856">
  <subfield code="3">
   Finding aid
  </subfield>
  <subfield code="u">
   https://hdl.loc.gov/loc.afc/eadafc.af018006
  </subfield>
 </datafield>
 <datafield ind1=" " ind2=" " tag="985">
  <subfield code="a">
   afc/coll
  </subfield>
 </datafield>
 <datafield ind1=" " ind2=" " tag="985">
  <subfield code="a">
   afc/ead
  </subfield>
 </datafield>
 <datafield ind1=" " ind2=" " tag="923">
  <subfield code="d">
   20180001
  </subfield>
  <subfield code="n">
   337613
  </subfield>
  <subfield code="s">
   Nate Nowinowski
  </subfield>
 </datafield>
</record>
